@book{Doe1993,
    Author = {John Doe},
    Publisher = {Earth University},
    Title = {Creating a bibliography with biber},
    Year = {1993}}

@book{Adi,
    Author = {Adi},
    Publisher = {Dian Nuswantoro University},
    Title = {Creating a bibliography with biber},
    Year = {2023}}